% para usar esto, hay que agregar en el main.tex las siguientes lineas:

\usepackage{biblatex}
\addbibresource{sample.bib}

% este archivo se puede crear con bibdesk
% tambien se pueden hacer manualmente siguiendo este ejemplo:

NO OLVIDAR EL ARROBA ANTES DEL BOOK!!!
%book{key,
   title =     {###},
   author =    {###},
   publisher = {###},
   isbn =      {###},
   year =      {###},
   series =    {###},
   edition =   {###},
   volume =    {###},
   url =       {###}}

@book{webster,
title =     {Antennas and Propagation},
author =    {John G. Webster (Editor) },
publisher = {Wiley},
isbn =      {},
year =      {1999},
series =    {WILEY ENCYCLOPEDIA OF ELECTRICAL AND ELECTRONICS ENGINEERING},
edition =   {},
volume =    {2}}

@article{Sh:572,
author = {Shelah, Saharon},
trueauthor = {Shelah, Saharon},
fromwhere = {IL},
journal = {Annals of Pure and Applied Logic},
note = { arxiv:math.LO/9609218 },
pages = {153-174},
title = {{Colouring and non-productivity of $\aleph_2$-cc}},
volume = {84},
year = {1997},
},

@article{LeSh:573,
author = {Lifsches, Shmuel and Shelah, Saharon},
trueauthor = {Lifsches, Shmuel and Shelah, Saharon},
fromwhere = {IL,IL},
journal = {Journal of Symbolic Logic},
note = { arxiv:math.LO/9412231 },
pages = {103--127},
title = {{Uniformization and Skolem Functions in the Class of Trees}},
volume = {63},
year = {1998},
},

@article{DjSh:574,
author = {Dzamonja, Mirna and Shelah, Saharon},
trueauthor = {D\v{z}amonja, Mirna and Shelah, Saharon},
fromwhere = {BiH,IL},
journal = {Journal of Symbolic Logic},
note = { arxiv:math.LO/9710215 },
pages = {180--198},
title = {{Similar but not the same: various versions of $\clubsuit$ do
 not  coincide}},
volume = {64},
year = {1999},
},

@article{Sh:575,
author = {Shelah, Saharon},
trueauthor = {Shelah, Saharon},
fromwhere = {IL},
journal = {Fundamenta Mathematica},
note = { arxiv:math.LO/9508221 },
pages = {153--208},
title = {{Cellularity of free products of Boolean algebras (or
 topologies)}},
volume = {166},
year = {2000},
},

@article{Sh:576,
author = {Shelah, Saharon},
trueauthor = {Shelah, Saharon},
fromwhere = {IL},
journal = {Israel Journal of Mathematics},
note = { arxiv:math.LO/9805146 },
pages = {29--128},
title = {{Categoricity of an abstract elementary class in two
 successive cardinals}},
volume = {126},
year = {2001},
},

@article{GiSh:577,
author = {Gitik, Moti and Shelah, Saharon},
trueauthor = {Gitik, Moti and Shelah, Saharon},
fromwhere = {IL,IL},
journal = {Proceedings of the American Mathematical Society},
note = { arxiv:math.LO/9503203 },
pages = {1523--1530},
title = {{Less saturated ideals}},
volume = {125},
year = {1997},
},

@incollection{MlSh:578,
author = {Milner, Eric C. and Shelah, Saharon},
trueauthor = {Milner, Eric C. and Shelah, Saharon},
booktitle = {Set Theory: Techniques and Applications, (J. Bagaria, C.
 Di   Prisco, J. Larson, A.R.D. Mathias, eds.)},
fromwhere = {3,IL},
note = { arxiv:math.LO/9708210 },
pages = {175--182},
publisher = {Kluwer Acad. Publ.},
title = {{A tree--arrowing graph}},
year = {1998},
},

@incollection{GbSh:579,
author = {Goebel, Ruediger and Shelah, Saharon},
trueauthor = {G{\"{o}}bel, R{\"{u}}diger and Shelah, Saharon},
booktitle = {Proceedings of the Conference on Abelian Groups in   Colorado
 Springs, 1995},
fromwhere = {D,IL},
note = { arxiv:math.GR/0011185 },
pages = {253--271},
publisher = {Marcel Dekker},
series = {Lecture Notes in Pure and Applied Math.},
title = {{G.C.H. implies existence of many rigid almost free abelian
 groups}},
volume = {182},
year = {1996},
},

@article{Sh:580,
author = {Shelah, Saharon},
trueauthor = {Shelah, Saharon},
fromwhere = {IL},
journal = {Fundamenta Mathematicae},
note = { arxiv:math.LO/9604243 },
pages = {87--107},
title = {{Strong covering without squares}},
volume = {166},
year = {2000},
},

@article{Sh:581,
author = {Shelah, Saharon},
trueauthor = {Shelah, Saharon},
fromwhere = {IL,IL},
journal = {in preparation},
title = {{When 0--1 law hold for $G_{n,\bar{p}}$, $\bar{p}$ monotonic}},
},

@article{GiSh:582,
author = {Gitik, Moti and Shelah, Saharon},
fromwhere = {IL,IL},
journal = {Israel Journal of Mathematics},
note = { arxiv:math.LO/9507208 },
pages = {221--242},
title = {{More on real-valued measurable cardinals and forcing with
 ideals}},
volume = {124},
year = {2001},
},

@article{GcSh:583,
author = {Gilchrist, Martin and Shelah, Saharon},
fromwhere = {1,IL},
journal = {Journal of Symbolic Logic},
note = { arxiv:math.LO/9603219 },
pages = {1151--1160},
title = {{The Consistency of ${\rm
 ZFC}+2^{\aleph_{0}}>\aleph_{\omega}+  {\cal I}(\aleph_2)={\cal
 I}(\aleph_{\omega})$}},
volume = {62},
year = {1997},
},

@article{ShST:584,
author = {Shelah, Saharon and Saxl, Jan and Thomas, Simon},
fromwhere = {IL,1},
journal = {Transactions of the American Mathematical Society},
note = { arxiv:math.IG/9605202 },
pages = {4611-4641},
title = {{Infinite products of finite simple groups}},
volume = {348},
year = {1996},
},

@article{RbSh:585,
author = {Rabus, Mariusz and Shelah, Saharon},
fromwhere = {3,IL},
journal = {Annals of Pure and Applied Logic},
note = { arxiv:math.LO/9706223 },
pages = {229--240},
title = {{Covering a function on the plane by two continuous
 functions  on an uncountable square - the consistency}},
volume = {103},
year = {2000},
},

@article{Sh:586,
author = {Shelah, Saharon},
fromwhere = {IL},
journal = {Fundamenta Mathematicae},
note = { arxiv:math.LO/9706224 },
pages = {153-160},
title = {{A polarized partition relation and failure of GCH }},
volume = {155},
year = {1998},
},

@article{Sh:587,
author = {Shelah, Saharon},
fromwhere = {IL},
journal = {Israel Journal of Mathematics},
note = { arxiv:math.LO/9707225 },
pages = {29--115},
title = {{Not collapsing cardinals $\leq\kappa$ in $(<\kappa)$--support
 iterations}},
volume = {136},
year = {2003},
},

@article{Sh:588,
author = {Shelah, Saharon},
trueauthor = {Shelah, Saharon},
fromwhere = {IL},
journal = {Periodica Mathematica Hungarica},
pages = {131--137},
title = {{Large weight does not yield an irreducible base}},
volume = {66},
year = {2013},
},

@article{Sh:589,
author = {Shelah, Saharon},
trueauthor = {Shelah, Saharon},
fromwhere = {IL},
journal = {Journal of Symbolic Logic},
note = { arxiv:math.LO/9804155 },
pages = {1624--1674},
title = {{Applications of PCF theory}},
volume = {65},
year = {2000},
},

@article{Sh:590,
author = {Shelah, Saharon},
trueauthor = {Shelah, Saharon},
fromwhere = {IL},
journal = {Fundamenta Mathematicae},
note = { arxiv:math.LO/9705226 },
pages = {137--151},
title = {{On a problem of Steve Kalikow}},
volume = {166},
year = {2000},
},
