% para usar esto, hay que agregar en el main.tex las siguientes lineas:

\usepackage{biblatex}
\addbibresource{sample.bib}

% este archivo se puede crear con bibdesk 
% tambien se pueden hacer manualmente siguiendo este ejemplo:

NO OLVIDAR EL ARROBA ANTES DEL BOOK!!!
%book{key,
   title =     {###},
   author =    {###},
   publisher = {###},
   isbn =      {###},
   year =      {###},
   series =    {###},
   edition =   {###},
   volume =    {###},
   url =       {###}}

